@book{acri2011dharma,
  title={Dharma Pātañjala: A Śaiva Scripture from Ancient Java Studied in the Light of Related Old Javanese and Sanskrit Texts},
  editor={Acri, Andrea},
  series={Gonda Indological Studies},
  url={https://books.google.de/books?id=yQ-\_ZwEACAAJ},
  year={2011},
  publisher={Brill Academic Pub},
  keywords={printsource},
}

@book{stenzler,
  title={Elementarbuch der Sanskrit-Sprache},
  author={Stenzler, Adolf Friedrich},
  year={2003},
  publisher={De Gruyter},
  address={Berlin},
  keywords={seclit},
}


@book{tagare1983,
  title={Brahmāṇḍa Purāṇa},
  editor={Tagare, G.V.},
  volume={1},
  year={1983},
  publisher={Motilal Banarsidass},
  address={New Dehli},
  keywords={printsource},
}


@book{lehmann,
  title={Sanskrit für Anfänger: Ein Lehr- und Übungsbuch},
  author={Lehmann, Thomas},
  year={2013},
  volume={1},
  publisher={Abt. Klassische Indologie, Südasieninstitut der Universität Heidelberg},
  address={Heidelberg},
  url={http://www.sai.uni-heidelberg.de/tamil/pdf/sansgram.pdf},
  keywords={seclit},
}

@article{sinha1976,
  title={Problem of Time and Temporality in Sāṃkhya-Yoga and Ābhidharma Buddhism},
  author={Sinha, Braj Mohan Pd.},
  year={1976},
  publisher={McMaster University},
  address={Hamilton, Ontario},
  keywords={seclit},
}

@article{birch2019,
 title= {The Amaraughaprabodha: New Evidence on the Manuscript Transmission of an Early Work on Haṭha- and Rājayoga},
 author= {Birch, Jason},
 year={2019},
 publisher={Springer Netherlands},
 url={https://link.springer.com/article/10.1007/s10781-019-09401-5},
 keywords={seclit},
 }

@book{majumdar1977,
  title={Ancient India},
  author={Majumdar, M. C.},
  year={1977},
  publisher={Motilal Banarsidass},
  address={New Dehli},
  keywords={seclit},
}

@book{bryant2009,
title={The Yoga Sūtras of Patañjali: A New Edition, Translation and Commentary},
editor={Bryant, Edwin F.},
year={2009},
publisher={North Point Press},
address={New York},
keywords={printsource},
}
  

@book{sensharma2007,
  title={Aspects of Tantra Yoga},
  author={SenSharma, Debabrata},
  year={2007},
  publisher={Indica Books},
  address={Varanasi},
  keywords={seclit},
}

@book{harimoto2014,
  title={God, Reason, and Yoga: A Critical Edition and Translation of the Commentary Ascribed to Śaṅkara on Pātañjalayogaśāstra 1.23—28},
  editor={Harimoto, Kengo},
  year={2014},
  publisher={Department of Indian and Tibetan Studies, Asien-Afrika-
Institut, Universitätt Hamburg},
  address={Hamburg},
  keywords={printsource},
}

@article{clark2011,
  booktitle={Yoga in Practice},
  title={Yoga in the Yoga Upaniṣads: Disciplines of the Mystical OM
Sound}, 
  editor={White, David Gordon},
  author={Ruff, Jeffrey Clark},
  year={2011},
  pages={97-117},
  publisher={Princeton University Press},
  address={New Jersey},
  keywords={seclit},
}

@online{dbhutrans,
  editor={Narayanasvami Aiyar, K},
  title={Translation of Dhyana-Bindu Upanishad},
  date={2018-05-20},
  url={http://www.celextel.org/upanishads/krishna_yajur_veda/dhyanabindu.html},
  keywords={printsource},
  }

@book{feuerstein2008,
  title={Die Yoga Tradition: Geschichte, Literatur, Philosophie und Praxis},
  author={Feuerstein, Georg},
  year={2008},
  publisher={Yoga Verlag},
  address={Wiggensbach},
  keywords={seclit},
 }

@book{slouber2010,
  title={Gāruḍa Medicine: A History of Snakebite and Religious Healing in South Asia},
  author={Slouber, Michael James},
  url={http://digitalassets.lib.berkeley.edu/etd/ucb/text/Slouber_berkeley_0028E_12261.pdf},
  year={2010},
  publisher={Spring},
  address={Berkely},
  keywords={seclit},
}

@book{kinsley1997,
  title={Tantric Visions of the Divine Feminine: The Ten Mahāvidyās},
  author={Kinsley, David R.},
  year={1997},
  publisher={University of California Press},
  address={California},
  keywords={seclit},
}
  
@book{shastri1905,
  title={Report on the Search for Sanskrit Manuscripts (1901-1902 to 1905-1906)},
  author={Shāstri, Mahāmahopādhyāyā Harapraśad},
  year={1905},
  publisher={Asiatic Society of Bengal},
  address={Calcutta},
  url={http://gretil.sub.uni-goettingen.de/gretil_elib/SHP905__ShastriHP_Report_on_the_Search_for_Sanskrit_Mss_1901-2_1905-6.pdf},
  keywords={seclit},
 }

@book{white1996,
  title={The Alchemical Body: Siddha Traditions in Medieval India},
  author= {White, David Gordon},
  year={1996},
  publisher={The University of Chicago Press},
  address={Chicago},
  keywords={seclit},
}

@book{urban2010,
  title={The Power of Tantra: Religion, Sexuality and the Politics of South Asian Studies},
  author= {Urban, Hugh B.},
  year={2010},
  publisher={I.B. Tauris and Co. Ltd.},
  address={New York},
  keywords={seclit},
}

@book{sircar,
  title={The Śākta Pīṭhas},
  author={Sircar, D.C.},
  year={1973},
  publisher={Motilal Banarsidas},
  address={Dehli},
  keywords={seclit},
}
  

@book{yogapowers2017,
  title={Yoga Powers: Extraordinary Capacities Attained Through Meditation and Concentration},
  editor={Jacobsen, Knut A.},
  year={2012},
  series={Brill's Indological Library},
  volume={37},
  publisher={Brill},
  address={Leiden},
  keywords={seclit},
}

@book{kawamura1991,
   title={Madhyāmika and Yogācāra: A Study of Mahāyana Philosophies},
   author={Kawamura, L. S.},
   year={1991},
   publisher= {State University of New York Press},
   address= {New York},
   keywords={seclit},
   }
   
@article{rodrigues2009,
   title={Fluid Control: Orchestrating Blood Flow in the Durgā Pūjā},
   author={Rodrigues, H. P.},
   year={2009},
   series={Studies in Religion/Sciences Religieuses},
   volume={38},
   number={2},
   pages={262 ff},
   keywords={seclit},
}

@article{viveka57,
   title={Viveka 57 - Hefte für Yoga: Haṭha Yoga Project, Yoga in der Suchttherapie, Vasiṣṭhāsana},
   author= {Martin Soder and Imogen Dalmann},
   year={2018},
   series={Viveka Series},
   volume={57},
   publisher={Dalmann & Soder GbR},
   address={Gross Kreutz},
   url={http://www.viveka.de},
   keywords={seclit},
}


@article{birch2014,
   title={Yoganidrā: An Understanding of the History and Context},
   author={Birch, Jason and Hargreaves, Jaqueline},
   year={2014},
   url={http://theluminescent.blogspot.de/2015_01_01_archive.html},
   keywords={seclit},
}

@book{brown1869,
   title={Sanskrit Prosody and Numerical Symbols Explained},
   author={Brown, C.H.},
   year={1869},
   url={https://books.google.de/books?id=m7UIAAAAQAAJ&printsec=frontcover&redir_esc=y#v=onepage&q&f=false},
   publisher={Tübner and Co.},
   address={London},
   keywords={seclit},
}

@book{lienhard1988,
   title={Nepalese Manuskripts - Part I: Nevārī and Sanskrit},
   author={Lienhard, S.},
   year={1988},
   series={Verzeichnis der orientalischen Handschriften in Deutschland},
   volume={XXXIII, 1},
   editor={Voigt, W. and George, D. and Feistel, H-O},
   address={Stuttgart},
   publisher={Franz Steiner Verlag Wiesbaden GmbH},
   keywords={seclit},
}

@book{bendall1992,
   title={Catalogue of the Buddhist Sanskrit Manuscripts in the University Library Cambridge},
   author={Bendall, C.},
   year={1992},
   series={Verzeichnis der orientalischen Handschriften in Deutschland},
   volume={Supplementband 33},
   editor={Voigt, W. and George, D. and Feistel, H-O},
   address={Stuttgart},
   publisher={Franz Steiner Verlag Wiesbaden GmbH},
   keywords={seclit},
}

@book{maas1950,
  title={Textkritik},
  author={Maas, P.},
  year= {1950},
  address={Leipzig},
  publisher={B.G. Teubner Verlagsgesellschaft},
  keywords={seclit},
}

@book{katre1954,
   title={Introduction to Indian Textual Criticism},
   author={Katre, S. M.},
   year={1954},
   address={Poona},
   publisher={Deccan College Post-graduate and Research Institute},
   keywords={seclit},
}

@book{mallinson2012hatha,
   title={Yoga: Haṭha Yoga},
   author={Mallinson, James},
   year={2012},
   editor={Jacobsen, Knut A. and Basu, Helene and Malinar, Angelika and Narayanan, Vasudha},
   series={Brill’s Encyclopedia of Hinduism},
   publisher={Brill Online},
   url={http://dx.doi.org/10.1163/2212-5019_beh_COM_000354},
   keywords={seclit},
}
   
@article{mallinson2016as,
   title={The Aṃrtasiddhi: Haṭhayoga’s tantric Buddhist source text},
   author={Mallinson, James},
   year={2016},
   url={https://www.academia.edu/26700528/The_Aṃtasiddhi_Haṭhayogas_Tantric_Buddhist_Source_Text},
   keywords={seclit},
}

@article{mallinson2014,
   title={Nāth Sampradāya},
   author={Mallinson, James},
   year={2014},
   series={Brillś Encyclopedia of Hinduism},
   editor={Jacobsen, K. A. and Basu, H. and Malinar, A. and Narayanan V.},
   publisher={Brill Online},
   url={http://referenceworks.brillonline.com.ubproxy.ub.uni-heidelberg.de/entries/brill-s-encyclopedia-of-hinduism/na-th-samprada-ya-COM_9000000053},
   keywords={seclit},
}

 @article{jacobson2010,
   title={Philosophy of Language},
   editor={Jacobsen, K. A. and Bronckhorst, J.},
   year={2010},
   series={Brill's Encyclopedia of Hinduism},
   publisher={Brill Online},
   pages={193-205},
   keywords={seclit},
}


@book{apte1957,
   title={Sanskrit-English Dictionary},
   author={Apte, V. S.},
   year={1957},
   publisher={Prasad Prakashan},
   address={Poona},
   keyword={seclit},
}

@book{olesen2016,
   title={Goddess Traditions in Tantric Hinduism: History, practice and doctrine},
   author={Wernicke Olesen, B.},
   year={2016},
   publisher={Routledge},
   address={Oxon and New York},
   keyword={seclit},
}

@book{kramer2013b,
  title={Sthiramati's Pañcaskandhakavibhāṣa - Part II: Diplomatic Edition},
  editor={Kramer, J.},
  series={Sanskrit Texts from the Tibetan Autonomous Region},
  year= {2013},
  publisher={China Tibetology Publishing House, Austrian Academy of Sciences Press},
  address={Beijing - Vienna},
  keywords={printsource},
}

@book{arbor2012,
  title={Proposal to Encode the Newar Script in ISO/IEC 10646},
  author={Pandey, A.},
  year={2012},
  url={http://unicode.org/L2/L2012/12003-newar.pdf},
  keywords={seclit},
}


@book{goodall1998,
  title={Bhaṭṭa Rāmakaṇṇtha's Commentary on the Kiraṇatantra - Vol. I: Chapters 1-6. Critical edition and annotated translation.},
  editor= {Goodall, Dominic}, 
  year={1998},
  publisher={Institut Français de Pondichéry / Ecole française d’Extrême-Orient},
  address={Pondicherry},
  keywords={printsource},
}

@book{kramer2013a,
  title={Sthiramati's Pañcaskandhakavibhāṣa - Part I: Critical Edition},
  editor={Kramer, J.},
  series={Sanskrit Texts from the Tibetan Autonomous Region},
  year={2013},
  publisher={China Tibetology Publishing House, Austrian Academy of Sciences Press},
  address={Beijing - Vienna},
  keywords={printsource},
}

@book{zhen2015,
  title={The Dharmadhātustava: A Critical Edition of the Sanskrit Text with the Tibetan and Chinese Translations, a Diplomatic Transliteration of the Manuscript and Notes},
  editor= {Zhen, L.},
  series={Sanskrit Texts from the Tibetan Autonomous Region},
  year={2015},
  publisher={China Tibetology Publishing House, Austrian Academy of Sciences Press},
  address={Beijing - Vienna},
  keywords={printsource},
}

@book{tomabechi2009,
  title={Adhyardhaśatikā Prajñāpāramitā Sanskrit and Tibetan Texts: Critically Edited},
  editor= {Tomabechi, Toru},
  series={Sanskrit Texts from the Tibetan Autonomous Region},
  year={2009},
  publisher={China Tibetology Publishing House, Austrian Academy of Sciences Press},
  address={Beijing - Vienna},
    keywords={printsource},
  }


@book{steinkellner2008,
  title={Vasubandhu's Pañcaskandhaka: Critically edited},
  editor= {Steinkellner, E. and Xuezhu, L.},
  series={Sanskrit Texts from the Tibetan Autonomous Region},
  year={2008},
  publisher={China Tibetology Publishing House, Austrian Academy of Sciences Press},
  address={Beijing - Vienna},
  keywords={printsource},
}

@book{steinkellner2005,
  title={Jinendrabuddhi's Viśālāmalavatī Pramāṇasamuccayaṭīkā Chapter 1 - Part I: Critical Edition},
  editor={Steinkellner, E. and Krasser, H. and Lasic, H.},
  series={Sanskrit Texts from the Tibetan Autonomous Region},
  year={2005},
  publisher={China Tibetology Publishing House, Austrian Academy of Sciences Press},
  address={Beijing - Vienna},
    keywords={printsource},
}
@book{tanselle1989,
  title={A rationale of textual criticism},
  author={Tanselle, R.},
  year={1989},
  publisher= {University of Pennsylvania Press},
  address= {Philadelphia},
  keywords={seclit},
}

@book{dehaan1973,
  title={Enige aspecten van de tekstkritiek van Middelnederlandse teksten},
  author= {De Haan, M.J.M},
  year={1973},
  publisher= {Elve/Labor Vincit},
  address= {Leiden},
  keywords={seclit},
}

@book{robson1988,
  title={Principles of Indonesian Philology},
  author={Robson, S.O.},
  year={1988},
  publisher= {Dordrecht/Providence},
  address= {Foris},
    keyword={seclit}, 
}

@book{hahn2001,
  title={On editing codices unici},
  author= {Hahn, M.},
  year= {2001},
  journal= {Les sources et le temps; A colloquium.},
  pages= {49-62},
  editor= {Grimal, F.},
  address= {Pondicherry},
  publisher= {IFP/EFEO},
  keyword={seclit},
}

@article{molen1981,
  title={Aims and Method of Javanese Philology},
  author= {Van der Molen, W.},
  year= {1981},
  journal= {Indonesia Circle},
  volume= {26},
  pages= {5-12},
  keywords={seclit},
}

@book{molen1983,
  title={Javaanse Tekstkritiek; En overzicht en een nieuve benadering geillustreerd aan de Kunjarakarna},
  author= {Van der Molen, W.},
  year= {1983},
  address={Dodrecht},
  publisher={Foris [PhD Dissertation, Leiden University]},
  pages= {5-12},
   keywords={seclit},
}


@article{mallinson2012sataka,
  title={The Original Gorakṣaśataka},
  author= {Mallinson, James},
  year= {2012},
  journal= {Yoga in Practice},
  editor={White, David Gordon},
  pages= {257-272},
  publisher= {Princeton University Press},
  address= {Princeton and Oxford},
  keywords={seclit},
}

@Misc{mscod,
  note={Gorakṣayogaśāstra: \cite{mscodex}},
  shorthand={GYŚ},
  keywords={critEd},
}


@book{asiddhi,
  title={Amṛtasiddhi: Working Edition},
  editor={Mallinson, James and Szántó, Péter-Dániel},
  year={2017},
  note={Version vom 20. September, 2018},
  keywords={printsource},
}

@book{rootsofyoga2017,
 title={Roots of Yoga},
 author={Mallinson, James and Singleton, Mark},
 year={2017},
 publisher={Penguin Books},
 address={UK},
 }

@Misc{aswork,
   note={Amṛtasiddhi: \cite{asiddhi}},
   shorthand={AS},
   keywords={critEd},
}

@book{mallinson2007,
   title={The Shiva Samhita},
   editor={Mallinson, James},   
   year={2007},
   publisher={Yoga Vidya.com LLC},
   address={Woodstock},
   keywords={printsource},
 }

@Misc{shivasam,
   note={Śivasaṃhita: \cite{mallinson2007}},
   shorthand={ŚS},
   keywords={critEd},
}

@article{sanderson2016,
   series={Gnesis and Development of Tantrism},
   editor={Einoo, Shingo},
   year={2016},
   title={The Śaiva Age - The Rise and Dominance of Śaivism during the Early Medieval Period},
   pages={41-351},
   author={Sanderson, Alexis},
   publisher={Institute of Oriental Culture, University of Tokio},
   address={Tokio},
   keywords={seclit},
} 

@book{peterson1888,
   title={The Paddhati of Śārngadhara: A Sanskrit Anthology},
   author={Śārṅgadhara},
   year={1888},
   editor={Peterson, Peter},
   series={Bombay Sanskrit Series No. XXXVII.},
   volume={I},
   url={https://archive.org/details/in.ernet.dli.2015.283591},
   publisher={Education Society Press},
   address={Bombay},
   keywords={printsource},
}

@Misc{sgpaddhati,
   note={Śārṅgadharapaddhati: \cite{peterson1888}},
   shorthand={ŚP},
   keywords={critEd},
}

@book{ramatosana,
   title={Prāṇatoṣinī},
   author={Rāmatoṣaṇa},
   editor={Vidyāsāgara, Jīvānanda},
   year={1898},
   url={https://archive.org/details/PranatoshiniTantraJibanandaVidyasagara1898LR},
   keywords={printsource},
}

@Misc{tosini,
    note={Prāṇatoṣinī: \cite{ramatosana}},
    shorthand={PT},
    keywords={critEd},
}

@book{dhyanabindu,
   title={Dhyānabindu Upaniṣad},
   editor={Hattangadi, Sunder},
   url={http://sanskritdocuments.org/doc_upanishhat/dhyanabindu.pdf},
   date={2018-05-20},
   publisher={Sanskritdocuments.org},
   keywords={printsource},
}

@Misc{dbindu,
   note={Dhyānabindu Upaniṣad: \cite{dhyanabindu}},
   shorthand={DhbU},
   keywords={critEd},
}

@book{gengnagel1996,
   title={Māyā, Puruṣa und Śiva: Die dualistische Tradition des Śivaismus nach Aghoraśivācāryas \textit{Tattvaprakāśavṛtti}},
   author={Gengnagel, Jörg},
   year={1996},
   publisher={Harrassowitz Verlag},
   address={Wiesbaden},
   keyword={printsource},
}

@book{ssp1954,
   title={Siddha-Siddhaanta-Paddhati and Other Works of the Nātha Yogīs},
   author={Mallik, S.K.},
    year={1954},
    publisher={Poona Oriantal Book House},
    address={Poona},
    url={http://shaivam.org/sanskrit/ssk-siddha-siddhanta-paddhati.pdf},
    keyword={printsource},
}


@book{rudrayamala1937,
    title={Rudrayamalam: uttara-tantram},
    editor={Vidyasagar, J.},
    year={1937},
    address={Calcutta},
    url={https://ia800402.us.archive.org/5/items/Complete_Works_of_Jibananda_Vidyasagara/Rudrayamalam_Uttara_Tantram_-_Jiananda_Vidyasagara_1937.pdf},
    keyword={printsource},    
}

@misc{rudra,
    note={Rudrayamalam: uttara-tantram: \cite{rudrayamala1937}},
    shorthand={RMT},
    keywords={critEd},
}

@book{purascaryarnava1901,
    title={Puraścaryārṇavaḥ},
    author={The Maharājā Pratāpa Śiṃha Sāha Bahādura of Nepal, H. H.},
    editor={Śrī Pandita Muralidhara Jhā},
    year={1901},
    publisher={Prabhakari and Co. Banaras},
    url={http://muktalib5.org/DL_CATALOG/TEXTS/ETEXTS/purascaryaarnava-I-DEV.pdf},
    keywords={printsource},
}

@Misc{puras,
   note={Puraścaryārṇavaḥ: \cite{purascaryarnava1901}},
   shorthand={PA},
   keywords={critEd},
}


@codex{codexbmt,
   title={Brahmayāmalatantra},  
   %author={Unbekannt},
   address={National Archives Kathmandu},
   note={NAK MS 3–370, NGMPP Reel No.A 42/6. Palm-leaf, Newari Script},
   keywords={codex},
}

@Misc{msbmt,
  note={Brahmayāmalatantra: \cite{codexbmt}},
  shorthand={BMT},
  keywords={critEd},
}

@book{petersburger,
  title={Sanskrit Wörterbuch},
  author={Boethling, O. und Roth, R.},
  year={1858},  
  volume={2},
  address={Petersburg},
  keywords={seclit},
}

@book{yogatarangini,
  title={Yoga-Taraṅgiṇī: A Rare commentary on Gorakṣa-śataka},
  editor={Brezinski, Jan K.},
  year={2015},
  publisher={Motilal Banarsidass},
  address={Delhi},
  keywords={printsource},
}

@book{ssp,
  title={Siddha-Siddhānta-Paddhati and Other Works of the Nātha Yogīs},
  editor={Mallik, Smt. Kalyani},
  year={1954},
  publisher={Poona Oriental Book House},
  address={Poona},
  keywords={printsource},
}

@book{varahaupanishad,
  title={Varaha Upaniṣad},
  editor={Sunder, Hattangadi},
  year={2000},
  publisher={sanskritdocuments.org},
  url={https://sanskritdocuments.org/doc_upanishhat/varaha.pdf},
  keywords={printsource},
  }

@Misc{varaha,
  note={Varaha Upaniṣad: \cite{varahaupanishad}},
  shorthand={VU},
  keywords={critEd},
  }

@codex{mscodex,
  title={Gorakṣayogaśāstra},
  note={NGMPP, B22/44, Palmblatt, Nevārī},
  url = {http://catalogue-old.ngmcp.uni-hamburg.de/wiki/B_24-44_(Gorakṣayogaśāstra)},
  address={National Archives Kathmandu},
  keywords={codex},
}


@codex{mscodex2,
  title={Gorakṣayogaśāstra},
  note={NGMPP, B 1333/22, Palmblatt, Nevārī},
  url={http://catalogue-old.ngmcp.uni-hamburg.de/wiki/A_1333-22_Mūlasāragorakṣayogaśāstra},
  address={National Archives Kathmandu},
  keywords={codex},
}

@codex{gmudgara,
   title={Gorakṣamudgara},
   note={NGMPP, B 24-6, Palmblatt, Nevārī},
   url={http://ngmcp.fdm.uni-hamburg.de/mediawiki/index.php/B_24-6_Gorakṣamudgara(%3F)},
   address={National Archives Kathmandu},
   keywords={codex},
} 


@codex{gsataka,
   title={Gorakṣaśataka},
   note={NGMPP, B 24-5, Palmblatt, Nevārī},
url={http://ngmcp.fdm.uni-hamburg.de/mediawiki/index.php/B_24-5_Gorakṣaśataka},
   address={National Archives Kathmandu},
   keywords={codex},
}


@codex{gshastra1,
   title={Gorakṣayogaśāstra (Gorakṣaśataka)},
   note={NGMPP, E 1836-26, Paper, Devanāgarī},
   url={http://catalogue-old.ngmcp.uni-hamburg.de/wiki/E_1836-26_(Gorakṣayogaśāstra)}, 
   address={National Archives Kathmandu},
   keywords={codex},
}

@codex{gshastra2,
   title={Gorakṣayogaśāstra (Gorakṣaśataka)},
   note={NGMPP, E 2052-10, Paper, Devanāgarī},
   url={http://catalogue-old.ngmcp.uni-hamburg.de/wiki/E_2052-10_Gorakṣayogaśāstra},
   address={National Archives Kathmandu},
   keywords={codex},
}

@codex{tattvasara1,
   title={Tattvasāra},
   note={NGMPP, A 930-2, Palmblatt, Nevārī},
   url={http://ngmcp.fdm.uni-hamburg.de/mediawiki/index.php/A_930-2_Tattvasāra},
   address={National Archives Kathmandu},
   keywords={codex},
}

@codex{tattvasara2,
   title={Tattvasāra},
   note={NGMPP, B 21-24, Papier, Devanāgarī},
   url={http://ngmcp.fdm.uni-hamburg.de/mediawiki/index.php/B_21-24_Tattvasāra}, 
   address={National Archives Kathmandu},
   keywords={codex},
}

@codex{tattvasara3,
   title={Tattvasāra},
   note={NGMPP, B 38-36, Papier, Devanāgarī},
   url={http://ngmcp.fdm.uni-hamburg.de/mediawiki/index.php/B_38-36_Tattvasāra},
   address={National Archives Kathmandu},
   keywords={codex},
}

@codex{tattvasara4,
   title={Tattvasāra},
   note={NGMPP, B 39-22, Papier, Nevārī},
   url={http://ngmcp.fdm.uni-hamburg.de/mediawiki/index.php/B_39-22(1)_Tattvasāra},
   address={National Archives Kathmandu},
   keywords={codex},
}

@codex{pancaraksa,
   title={Pañcarakṣā},
   date={1384-10-22},
   note={MS Add.1395, Palmblatt, Nevārī},
   url={https://cudl.lib.cam.ac.uk/view/MS-ADD-01395/1},
   address={Cambridge University Library},
   keywords={codex},
}


@codex{sivadharma,
   title={Śivadharma corpus},
   year={1139},
   note={(MS Add.1645), Palmblatt, Nevārī},
   url={https://cudl.lib.cam.ac.uk/view/MS-ADD-01645/1},
   address={Cambridge University Library},
   keywords={codex},
}

@codex{ramakantika,
   title={Rāmāṅkanāṭikā},
   year={1360},
   note={MS Add.1409.1, Palmblatt, Nevārī},
   url={https://cudl.lib.cam.ac.uk/view/MS-ADD-01409-00001/5},
   address={Cambridge University Library},
   keywords={codex},
}


@codex{pancaraksa2,
   title={Pañcarakṣā},
   year={1205},
   note={MS Add.1644, Palmblatt und Paper, Nevārī},
   url={https://cudl.lib.cam.ac.uk/view/MS-ADD-01644/4},
   address={Cambridge University Library},
   keywords={codex},
}

@codex{saddharma,
   title={Saddharmapuṇḍarīka},
   year={1039},
   note={MS Add.1683, Palmblatt, Nevārī},
   url={https://cudl.lib.cam.ac.uk/view/MS-ADD-01683/1},
   address={Cambridge University Library},
   keywords={codex},
}

@codex{amara,
   title={Amarakośa},
   year={1380},
   note={MS Add.1685, Palmblatt, Nevārī},
   url={https://cudl.lib.cam.ac.uk/view/MS-ADD-01683/1},
   address={Cambridge University Library},
   keywords={codex},
}


@codex{shambuvadana,
   title={Śambūkāvadāna},
   year={1427},
   note={MS Add.1580, Palmblatt, Nevārī},
   url={https://cudl.lib.cam.ac.uk/view/MS-ADD-01580/10},
   address={Cambridge University Library},
   keywords={codex},
}

@book{nishvasa2015,
   title={The Niśvāsatattvasaṃhitā: The Earliest Surviving Śaiva Tantra},
   year={2015},
   volume={1},
   editor={Goodall, Dominic},
   series={Collection Indologie 128, Early Tantra Series 1},
   publisher={Institut Français de Pondichéry / Ecole française d’Extrême-Orient / Sri Aurobini Ashram Press},
   address={Pondicherry},
   keywords={printsource},
}


@book{gellner1997,
   title={Nationalism and Ethnicity in a Hindu Kingdom: The Politics of Culture in Contemporary Nepal},
   year={1997},
   series={Studies in Anthropology and History},
   volume={20},
   editor={Gellner, David N. and Pfaff-Czarnecka, Joanna and Whelpton, John},
   publisher={Harwood Academic Publishers},
   address={Amsterdam},
   keywords={seclit},
}

@article{mallinson2014b,
   title={H??hayoga's Philosophy: A Fortuitous Union of Non-Dualities},
   author={Mallinson, James},
   year={2014},
   series={Journal of Indian Philosophy},
   volume={42},
   pages={225-247},
   publisher={Springer},
   url={http://www.jstor.org/stable/43496667},
   keywords={seclit},
}

@book{majumdar1961x,
   title={The History of Bengal},
   author={Majumdar, R. C.},
   year={1961},
   publisher={University of Dacca},
   address={Daka},
   keywords={seclit},
}

@article{rose2018,
   title={Nepal: Middle Period},
   author={Rose, Leo E. and Karan, P. Pradyumna},
   year={2018},
   date={2018-05-18},
   publisher={Encyclopaedia Britannica},
   url={http://britannica.com/place/Nepal/History},
   keywords={seclit},
}

@book{vasudeva2004,
   title={The Yoga of the Mālinīvijayottaratantra, Chapters 1-4, 7, 11-17: Critical Edition, Translation and Notes},
   editor={Vasudeva, Somadeva},
   year={2004},
   publisher={Institut Française d'Extrême-Orient},
   address={Pondicherry},
   keywords={printsource},
}

@article{mallinsonnath,
   title={Nāth Sampradāya},
   author={Mallinson, James},
   year={2011},
   publisher={Brill Online},
   keywords={seclit},
 }

@book{kubjika,
   title={Kubjikāmatatantra},
   editor={Goudriaan, T. and Schoterman, J.A.},
   version={Kulālikāmnāya},
   year={1988},
   publisher={Brill},
   address={Leiden},
   keywords={printsource},
}

@book{yogabija,
   title={Yogabīja},
   editor={Śrīvāstav, Rām Lāl},
   year={1982},
   publisher={Śrī Gorakhnāth Mandir},
   address={Gorakhpur},
   keywords={printsource},
}

@book{hp,
   title={Haṭhapradīpikā},
   author={Svātmarāma},
   editor={Digambarjī, Svāmi and Pīrāmbar, Jhā},
   year={1970},
   publisher={Kaivalyadhāma S. M. Y. M. Samiti},
   address={Lonvala},
   keywords={printsource},
}

@book{brahmayamala,
   title={The Brahmayāmalatantra or Picumata. Volume II. The Religious Observances and Sexual Rituals of the Tantric Practitioner: Chapters 3, 21, and 45: A Critical Edition and Annotated Translation},
   editor={Kiss, Csaba},
   year={2015},
   publisher={Institut Français de Pondichéry / Ecole française d’Extrême-Orient / Asien-Afrika-Institut, Universität Hamburg},
   address={Pondicherry},
   keywords={printsource},
}


@book{hevajra,
   title={The Hevajra Tantra: A Critical Study, Part 2: Sanskrit and Tibetan Texts},
   editor={Snellgroove, David L.},
   year={1959},
   publisher={Oxford Universiy Press},
   address={London},
   keywords={printsource},
}

@book{bhagavata,
   title={Bhāgavatapurāṇa},
   editor={Śarman, Vasudeva},
   year={1905},
   publisher={Nirnaya Sagar},
   address={Bombay},
   keywords={printsource},
}


@book{mahabharata,
   title={The Mahābhārata: For the first time Critically Edited, 19 Volumes},
   editor={Sukthankar, V.S. and Belvalkar, S. K.},
   year={1933-69},
   publisher={Bhandarkar Oriental Research Institute},
   address={Poona},
   keywords={printsource},
}

@book{netratantra,
   title={Netratantra, with the commentary (uddyota)},
   year={1926},
   editor={Śāstri, Madhusūdan Kaul},
   author={Kṣemarāja},
   series={Kashmir Series of Texts and Studies 46},
   address={Srinagar},
   keywords={printsource},
}

@book{tantraloka,
   title={Tantrāloka (All Volumes) with a Commentary},
   author={Abhinavagupta},
   year={1938},
   editor={Shastri, Mukunda Ram and Shastri, Madhusudan Kaul},
   volumes={1-12},
   publisher={Jammu and Kashmir (under the patronage of Maharaja Harisingh},
   url={https://archive.org/details/tantraloka},
   keywords={printsource},
}

@book{kulacuda,
   title={The Kulacūḍāmaṇitantra and the Vāmakeśvaratantra : with the Jayaratha commentary / introduced, translated, and annotated},
   editor={Finn, Louise M.},
   year={1986},
   publisher={Harrassowitz},
   address={Wiesbaden},
   keywords={printsource},
}
